@book{decastro2002,
  title={Artificial Immune Systems: A New Computational Intelligence Approach},
  author={de Castro, L.N. and Timmis, J.},
  isbn={9781852335946},
  lccn={2002070458},
  url={https://books.google.com.br/books?id=aMFP7p8DtaQC},
  year={2002},
  publisher={Springer}
}

@incollection{timmis2004,
  title={An overview of artificial immune systems},
  author={Timmis, Jon and Knight, Thomas and de Castro, Leandro N and Hart, Emma},
  booktitle={Computation in Cells and Tissues},
  pages={51--91},
  year={2004},
  publisher={Springer}
}

@book{Mo:2008:HRA:1524221,
 author = {Mo, Hongwei},
 title = {Handbook of Research on Artificial Immune Systems and Natural Computing: Applying Complex Adaptive Technologies},
 year = {2008},
 isbn = {1605663107, 9781605663104},
 publisher = {Information Science Reference - Imprint of: IGI Publishing},
 address = {Hershey, PA},
} 